% This file was created with JabRef 2.4.2.
% Encoding: Cp1252
@article{korel1990automated,
    title={Automated software test data generation},
    author={Korel, Bogdan},
    journal={IEEE Transactions on software engineering},
    volume={16},
    number={8},
    pages={870--879},
    year={1990},
    publisher={IEEE}
}

@article{wegener2001evolutionary,
    title={Evolutionary test environment for automatic structural testing},
    author={Wegener, Joachim and Baresel, Andr{\'e} and Sthamer, Harmen},
    journal={Information and software technology},
    volume={43},
    number={14},
    pages={841--854},
    year={2001},
    publisher={Elsevier}
}
